@inproceedings{Autoware1,
 author = {Kato, Shinpei and Tokunaga, Shota and Maruyama, Yuya and Maeda, Seiya and Hirabayashi, Manato and Kitsukawa, Yuki and Monrroy, Abraham and Ando, Tomohito and Fujii, Yusuke and Azumi, Takuya},
 title = {Autoware on Board: Enabling Autonomous Vehicles with Embedded Systems},
 booktitle = {Proceedings of the 9th ACM/IEEE International Conference on Cyber-Physical Systems},
 series = {ICCPS '18},
 year = {2018},
 isbn = {978-1-5386-5301-2},
 location = {Porto, Portugal},
 pages = {287--296},
 numpages = {10},
 url = {https://doi.org/10.1109/ICCPS.2018.00035},
 doi = {10.1109/ICCPS.2018.00035},
 acmid = {3207930},
 publisher = {IEEE Press},
 address = {Piscataway, NJ, USA},
}

@article{Autoware2,
author={S. Kato and E. Takeuchi and Y. Ishiguro and Y. Ninomiya and K. Takeda and T. Hamada},
journal={IEEE Micro},
title={An Open Approach to Autonomous Vehicles},
year={2015},
volume={35},
number={6},
pages={60-68},
keywords={automobiles;automotive engineering;object recognition;path planning;sensors;software libraries;traffic engineering computing;autonomous vehicles;automotive technology;commodity vehicles;sensors;software libraries;datasets;scene recognition;path planning;vehicle control;Autonomous vehicles;Three-dimensional displays;Sensors;Mobile robots;Laser radar;Cameras;Hardware configuration;autonomous vehicles;software platforms;hardware configuration},
doi={10.1109/MM.2015.133},
ISSN={0272-1732},
month={November},}

@inproceedings{Lanelet1,
author={P. Bender and J. Ziegler and C. Stiller},
booktitle={2014 IEEE Intelligent Vehicles Symposium Proceedings},
title={Lanelets: Efficient map representation for autonomous driving},
year={2014},
volume={},
number={},
pages={420-425},
keywords={image representation;intelligent transportation systems;road traffic;lanelets notion;map representation;autonomous driving;geometrical aspect;topological aspect;road segment;interconnected drivable road segments;behaviour generation;Mercedes Benz S 500 Intelligent Drive;Bertha Benz Memorial Route;Roads;Vehicles;Geometry;Vectors;Libraries;Topology;Routing},
doi={10.1109/IVS.2014.6856487},
ISSN={1931-0587},
month={June}}

@electronic{Lanelet2,
url={https://github.com/phbender/liblanelet},
title={liblanelet},
author={Bender, J. Ziegler, D. Nienh√ºser, E. Ward},
year={2016},
month={December},
day={20}}

@article{Lanelet3,
  author={Althoff, Matthias and Urban, Stefan and Koschi, Markus},
  year={2018},
  title={Automatic Conversion of Road Networks from OpenDRIVE to Lanelets.},
  pages={157-162},
  doi={10.1109/SOLI.2018.8476801},
  url={https://mediatum.ub.tum.de/doc/1449005/299979664679.pdf}
}

@standard{OpenDRIVE,
author={Marius Dupuis et. al.},
organization={VIRES Simulationstechnologie GmbH},
day={4},
month={November},
year={2015},
title={OpenDRIVE Format Specification},
revision={1.4},
url={http://www.opendrive.org/docs/OpenDRIVEFormatSpecRev1.4H.pdf}}

@techreport{WGS84,
organization={National Imagery and Mapping Agency},
title={Department of Defence World Geodetic System 1984},
day={3},
month={January},
year={2000},
recision={3},
number={TR8350.2},
url={http://earth-info.nga.mil/GandG/publications/tr8350.2/wgs84fin.pdf}}

@electronic{Aisan,
url={http://www.aisantec.co.jp/english/mms.html},
title={MMS (Mobile Mapping System)},
organization={Aisan Technology, Co.}
}

@electroninc{AutowareMaps1,
url={https://github.com/CPFL/Autoware/issues/1701#issuecomment-436884389},
title={[Feature] Autoware Maps: Next Generation Autoware Map Format},
day={7},
month={November},
year={2018},
author={Yuki Iida},
organization={Autoware}}

@electronic{AutowareMaps2,
url={https://docs.google.com/presentation/d/12vZzMfVLAjeuGSS7qykpzDjbOagJBBQJ7D33c-QtJPI/edit#slide=id.g46f2754f85_25_0},
title={Autoware Maps Format},
organization={Autoware}
}
